3267 5175
269 761 434 851 ...1²4
575 737 1169 831 Exuncrrarros.

314 933 316 942 ’
386 909 568 1012 personam
584 911 691 1010 legati
708 907 840 986 Christi
858 909 1034 1009 fingeret?
1058 891 1141 988 num
1152 890 1364 998 ‘ne'omnem

384 1009 640 1081 dubitationem
665 1005 840 1084 subitanea
863 1008 1037 1081 sanatione
1059 1012 1211 1084 eximere
1231 1016 1365 1110 potuis·
1417 999 1427 1028 “

384 1101 461 1178 set?
486 1103 584 1176 Idem
599 1103 681 1195 ille,
704 1101 766 1176 ubi
783 1105 824 1177 ad
838 1117 958 1201 regem
974 1105 1141 1202 ingressus
1157 1125 1251 1202 erat,
1274 1111 1365 1182 dici·

385 1219 445 1286 tur
475 1226 691 1284 wernonem
716 1231 759 1296 τῳ
797 1205 971 1292 earnem.
1025 1201 1222 1278 Honoraffe
1251 1205 1364 1303 ipsum

383 1319 458 1368 non
481 1297 708 1376 veneratione
733 1296 846 1391 aliqua
867 1295 986 1389 civili,
1011 1293 1065 1374 sed
1079 1297 1258 1396 religiosa,
1283 1300 1363 1375 inde

383 1391 560 1487 conjicere
580 1392 692 1486 licet,
727 1394 808 1494 quia
833 1395 870 1468 in
891 1393 952 1478 illo
971 1392 1101 1490 aliquid
1120 1397 1195 1488 plus
1222 1399 1362 1472 humani

380 1487 658 1564 animadvertisse
680 1487 877 1565 videbatur.
900 1492 1009 1561 Porro
1033 1491 1148 1562 Abdus
1166 1491 1286 1588 aliquis
1299 1505 1360 1568 v'ao

380 1589 778 1660 emmerammenses.
815 1585 924 1658 *Non
944 1586 1114 1682 legimur,
1138 1586 1361 1665 Thaddaeum
1431 1665 1440 1677 ,

379 1677 554 1756 honorem
574 1681 670 1754 hunc
697 1681 870 1780 refugisse.
917 1682 1007 1754 Non
1026 1682 1136 1780 igitur
1152 1684 1272 1757 eodem
1292 1685 1362 1784 spi-

356 1809 361 1816 ·
380 1777 454 1852 ritu
470 1779 530 1850 hic
548 1775 669 1850 dusius
685 1776 778 1869 fuit,
796 1802 868 1876 quo
885 1779 1027 1870 Petrus,
1047 1780 1253 1854 Cornelium
1271 1785 1363 1880 ejus·

259 1939 285 1962 .,
379 1861 620 1970 ᾳιιέάοιηῡω
644 1872 820 1966 invisens,
853 1897 957 1970 quem
983 1897 1065 1946 cum
1099 1878 1140 1948 ad
1168 1890 1280 1970 genua
1306 1880 1362 1951 sua

406 1969 631 2061 rovoiutum,
668 1967 700 2043 se
727 1993 768 2042 ue
784 1967 983 2046 adorantem
1004 1971 1279 2062 conspicaretur,
1305 1977 1362 2068 ip·

377 1991 452 2138 sum
476 2087 497 2135 e
524 2063 674 2160 vestigio
699 1993 753 2138 siu
781 2089 839 2139 ere
860 2063 981 2163 judit,
1011 2067 1206 2155 caussatus,
1240 2069 1283 2153 (θ
1298 2071 1362 2157 ipse

376 2185 429 2258 ego
445 2158 619 2248 sarmhomo
643 2161 726 2240 Aet.
793 2217 800 2234 .
827 2185 885 2254 25.
910 2168 967 2236 26.
995 2157 1156 2261 Agbards
1183 2162 1264 2237 fidei
1290 2163 1360 2241 suae

375 2258 414 2328 in
432 2256 613 2330 Christum
633 2253 866 2338 sinceritatem
882 2259 1088 2350 testatores,
1108 2259 1145 2330 in
1160 2260 1239 2334 haec
1257 2261 1362 2356 jadia-

376 2352 493 2438 bunda
512 2357 713 2452 prorumpit
733 2355 865 2430 verb'a:
890 2353 953 2427 nisi
968 2358 1214 2429 Romanorum
1232 2381 1358 2458 poten·

374 2451 460 2541 tia-m
489 2453 597 2550 vereri
626 2450 798 2540 haberet,
823 2450 1010 2543 seJudaeos
1027 2451 1120 2524 bello
1139 2455 1359 2548 petiturum,

374 2547 466 2643 ipsos
487 2546 763 2638 confecturum,
789 2549 896 2638 inque
925 2568 1067 2618 erucem
1100 2548 1256 2623 acturum
1279 2553 1357 2626 esse.

359 2642 475 2717 ,Itane
503 2643 614 2737 igitur
636 2638 723 2713 fides
747 2644 784 2712 in
802 2640 982 2713 Christum
998 2642 1134 2713 odia&
1157 2644 1266 2720 minas
1289 2645 1358 2743 spi·

318 2774 320 2780 v
371 2756 448 2831 rat,
484 2738 687 2835 caedemque
706 2736 859 2811 hostium
884 2735 1134 2809 machinatur?
1159 2762 1252 2834 quos·
1266 2742 1358 2838 ipsos

184 2916 186 2929 y
233 2848 253 2902 .‘
373 2854 490 2909 tamen
515 2834 687 2931 diligere,
721 2858 786 2927 pro
813 2832 1030 2929 quibusque,
1063 2851 1104 2904 ut
1125 2836 1286 2911 addeum
1303 2864 1358 2912 re·

372 2932 500 3025 deant,
526 2932 659 3028 precari
677 2932 791 3005 voluit
809 2927 1002 3003 mitissimus
1019 2927 1203 3025 sospitator
1219 2936 1358 3013 Matth,

277 3092 284 3103 .
373 3028 425 3104 V.
448 3053 508 3125 44.
535 3030 626 3102 Luc.
655 3028 722 3102 Vs.
755 3051 814 3121 27.
847 3025 905 3101 28.
937 3025 1078 3117 Quibus
1108 3026 1269 3105 Christus
1292 3054 1354 3105 ve·

373 3128 466 3199 niam
491 3124 608 3199 delidti
631 3123 799 3213 indulsit,
825 3125 868 3197 in*
884 3133 1104 3221 quorumque
1120 3128 1268 3223 gratiam
1293 3154 1379 3229 ραι.

372 3243 463 3295 trem
478 3220 575 3293 suum
590 3219 835 3301 ferientiffima
853 3242 957 3318 prece
975 3220 1184 3315 soiicitavit,
1209 3249 1254 3305 ne
1270 3251 1355 3320 pec·

269 3391 273 3399 χ
373 3337 451 3392 cata
468 3316 622 3417 ipsorum
638 3318 679 3391 iis
692 3316 849 3399 servaret·
865 3316 958 3391 Luc.
983 3316 1131 3392 XXsls.
1160 3341 1215 3415 34.
1237 3322 1281 3395 ab
1301 3326 1355 3403 his

198 3522 200 3529 X
296 3461 301 3465 -
372 3440 501 3515 poenas
522 3414 704 3510 reposcant
726 3414 879 3507 ejusdem
909 3412 1148 3488 senatores&
1169 3413 1356 3515 disciputi?

370 3518 422 3590 Et
444 3535 614 3612 ponamus
630 3544 656 3606 ,·
676 3509 786 3607 ipsum
809 3534 910 3583 cacco
932 3510 1054 3583 ardore
1079 3509 1261 3608 abreptum
1281 3499 1354 3592 ndu

322 3602 327 3609 ’
372 3608 618 3696 considerasse,
643 3606 727 3707 quid
743 3608 928 3701 christiana
946 3607 1071 3703 religio
1088 3604 1195 3700 serat,
1220 3611 1296 3707 quis
1315 3616 1361 3707 in

372 3711 526 3782 animum
546 3706 641 3778 suum
659 3705 825 3795 inducat,
849 3725 889 3777 ut
906 3703 1042 3793 credat,
1070 3704 1257 3800 regulum,
1276 3716 1352 3784 m.

370 3807 423 3879 ius
440 3804 600 3900 potentia
623 3802 724 3873 unius
751 3801 872 3890 urbis,
903 3797 1016 3873 saltim
1035 3800 1178 3893 exiguae
1199 3808 1352 3901 regionis

368 3900 505 3975 ambitu
519 3896 890 3987 circumscribebatur,
916 3917 959 3967 eo
975 3898 1200 3988 temeritatis,
1227 3923 1266 3972 ut
1284 3906 1351 3975 mi.

369 3996 656 4091 tiffime'ioquar,
681 3992 877 4089 prolapsum
897 3992 982 4078 esse,
1009 4011 1069 4079 ut,
1096 3990 1201 4088 fiper
1216 3999 1351 4073 Roma·

368 4118 431 4166 nos
455 4090 611 4183 steterit,
636 4112 779 4186 gentem
798 4085 1125 4182 numerosissimam,
1159 4094 1266 4189 qualis
1287 4118 1352 4189 per
1459 4160 1462 4163 ,

362 4182 464 4267 illam
486 4187 727 4285 tempestatem
752 4205 824 4295 erat
842 4186 865 4284 J
870 4185 1049 4263 udaeotum
1075 4188 1351 4288 natio',ra'dici·

1188 4303 1354 4393 „m
