3267 5175
375 719 402 798 4
514 655 1154 805 'Exuecepue1¹ol.

375 881 431 946 tus
449 875 485 944 ln
504 870 588 946 hune
613 875 719 948 orbern
743 875 791 948 el
811 799 985 950 edane
1005 877 1179 972 deniffus,
1199 898 1298 976 eoque
1309 875 1353 952 de·

373 971 478 1064 couffie
498 971 675 1068 neeefferiis
688 968 827 1068 spiritus
841 973 950 1065 senili
976 974 1073 1047 donis·
1088 977 1233 1072 uberriree
1254 1001 1348 1049 exor-

371 1081 469 1138 natus
482 1083 576 1142 eret:
600 1091 655 1140 nec
669 1067 732 1164 ipse
750 1089 811 1162 per
831 1075 942 1160 ollone
956 1065 1199 1162 suendoceedi
1210 1077 1349 1166 provin·

371 1166 457 1238 ciorn
472 1163 601 1260 refregit.
649 1167 715 1238 Ubi
730 1190 859 1264 comque
871 1171 1006 1266 lecerunt
1024 1170 1186 1243 auditores
1200 1169 1363 1245 doiirinae·
1419 1254 1423 1269 Ι

367 1257 438 1351 fise
453 1261 567 1336 avidos
584 1259 737 1358 offendit,
762 1269 833 1336 illos
849 1256 1008 1336 erroribus
1026 1315 1040 1356 ,
1064 1265 1176 1360 quiiup
1190 1260 1358 1360 implicati

370 1360 580 1458 tenebuntur,
604 1361 779 1459 expediret
809 1377 921 1433 contro
942 1361 1265 1458 veronsttpientient
1285 1367 1350 1438 eis·

370 1455 449 1527 dens
456 1459 615 1554 impertiri
636 1484 674 1532 oc
695 1460 822 1555 egregiis
843 1461 1009 1552 preceptis
1026 1459 1076 1530 ed
1088 1461 1227 1530 uirtutis
1237 1461 1349 1552 pieto-

369 1553 473 1646 lisque
493 1560 614 1628 culture
637 1553 869 1646 inflammare,
902 1578 963 1626 non
986 1557 1134 1650 neglexit.
1182 1556 1248 1630 Sed
1268 1579 1349 1630 vero
1378 1606 1383 1618 .

372 1649 519 1739 Christus
548 1653 725 1726 doilrinom
754 1649 849 1741 tuen
877 1674 938 1724 nen
960 1653 996 1723 ire
1022 1651 1181 1724 brevioris
1209 1656 1349 1748 alicujus

369 1753 518 1854 temporis
534 1747 827 1851 efiensporgebot,
845 1771 961 1821 verunt
974 1769 1030 1842 per
1044 1771 1133 1822 enne
1147 1771 1256 1831 aevune
1267 1774 1348 1822 enn-

368 1845 441 1916 dene
457 1837 652 1922 duraturam
669 1842 832 1938 cupiebat.
878 1843 953 1920 ·'Nee
975 1856 1089 1916 coetlecn
1103 1847 1173 1938 fite·
1192 1844 1361 1941 adjunge-L
1506 1840 1507 1861 ¹

367 1940 425 2046 bag
437 1946 540 2018 ttreoe·
552 1945 803 2037 liffoloenelurn,
821 1938 882 2038 sed
898 1945 986 2037 longe
998 1942 1346 2034 futuristernpo‘riios

238 2067 243 2076 ·
366 2049 413 2112 od
425 2053 581 2132 entreneos
597 2041 707 2132 nendi
728 2043 881 2136 perninos
892 2037 1123 2136 minuturi,
1141 2058 1196 2137 per
1218 2063 1256 2112 ee
1274 2049 1345 2119 ω.

218 2137 223 2142 ’
366 2157 438 2206 nern
461 2151 625 2232 terrorum
649 2140 782 2224 orbern,
820 2159 885 2230 quo
903 2138 974 2216 latr
994 2139 1117 2228 p‘olet',
1139 2137 1174 2226 di
1200 2141 1344 2221 entinoee·

364 2231 451 2304 dune.
500 2233 605 2334 Quod
616 2231 925 2332 utponseqlreretur,
949 2228 1154 2331 neirfforidns
1170 2231 1231 2326 effe
1250 2237 1345 2308 vide-

362 2327 461 2398 botur
476 2356 507 2420 ,·
524 2347 562 2426 nt
589 2333 766 2405 doii'rinietn
779 2330 905 2426 scripto
922 2333 1197 2420 conplecteretur,
1211 2329 1281 2423 'quo
1299 2332 1344 2414 Θ

357 2425 493 2522 presens
508 2444 595 2501 vetos
622 2417 752 2502 hibern
768 2472 800 2518 ,=
821 2451 883 2521 quo
906 2429 942 2498 in
963 2429 1120 2499 veritatis
1140 2430 1345 2520 coguitionem

361 2523 558 2616 duceretur,
593 2529 628 2597 in
648 2525 816 2615 eodemque
839 2521 1116 2613 confirmaretur,
1137 2523 1181 2603 &
1194 2522 1344 2618 futuro,

362 2640 425 2713 quo
444 2622 490 2689 ad
507 2622 637 2693 eondent
662 2632 734 2689 tuto
757 2618 989 2706 adduceretur,
1013 2619 1048 2687 in
1065 2617 1183 2709 illoque
1193 2616 1343 2703 firmitei

361 2719 565 2805 retineretur.
614 2716 768 2805 Accedit,
792 2710 893 2811 ipsten
911 2733 1038 2785 novam
1052 2713 1353 2815 eliquoneceleste

361 2814 606 2887 oeconomiam
624 2811 845 2903 introduonffe.
886 2810 967 2881 Non
980 2809 1069 2902 dico,
1093 2808 1223 2883 eundern
1237 2830 1343 2885 novae

207 2996 214 3009 ·
356 2909 493 3005 alicujus
509 2909 688 3007 roligionis
703 2912 863 2985 pulionem
869 2903 1041 2997 exstitiffe.

404 3005 531 3105 Religio
542 3014 575 3101 ·,'
590 3028 686 3102 quoru
696 2999 777 3101 piris·
795 3004 1002 3089 inculcavit,
1024 3001 1163 3095 inderet,
1194 3007 1281 3107 quod
1296 3008 1345 3081 od
1375 3043 1379 3047 <

304 3104 311 3113 '
355 3104 538 3177 interiorem
554 3102 701 3197 formam
723 3116 818 3197 etque
838 3096 1182 3193 stridoniensem,
1205 3102 1343 3194 epicum

353 3201 438 3287 illa,
455 3222 533 3295 que
548 3196 711 3295 quendom'
718 3196 793 3292 fuit
808 3194 1101 3289 patriarcharum,
1117 3194 1181 3288 sed
1192 3196 1356 3295 boiosub*

354 3296 470 3387 Mose,
492 3317 552 3390 pro
578 3299 703 3367 ratione
723 3298 899 3389 tenpo'ris,
931 3315 991 3387 que
1007 3292 1185 3384 vivebant,
1203 3315 1266 3387 pro
1286 3301 1357 3370 in·:

356 3392 425 3467 dole
445 3396 552 3488 populi
576 3390 752 3485 lsroilitici
773 3414 812 3462 nc
833 3404 959 3482 terrae,
993 3390 1028 3460 ire
1048 3412 1114 3484 quo
1138 3395 1247 3463 vitan
1266 3390 1348 3489 ogei
1381 3391 1383 3396 ’

357 3490 457 3581 bont,
482 3496 567 3566 ritus
580 3489 712 3585 quidum
728 3489 852 3561 externi
872 3481 1082 3580 occeffeeunt,
1105 3489 1352 3580 qui-naturane.

357 3590 515 3685 religionis
544 3611 605 3661 nec·
623 3582 882 3677 constituebant,
908 3607 963 3656 nec
971 3596 1134 3675 perpetue
1156 3582 1342 3674 elurotionis

357 3687 415 3777 effe
426 3697 596 3779 poterant,
614 3679 833 3775 intempestivo
847 3704 887 3753 ne
899 3683 982 3751 nole
996 3675 1103 3764 sedulo
1119 3680 1219 3763 ludio
1231 3682 1339 3755 deilo-
1430 3769 1433 3774 ‚

356 3794 430 3854 rtem
445 3783 652 3877 judaicorum
665 3776 846 3874 posterioris
862 3778 929 3850 evi
944 3779 995 3847 ito
1015 3776 1105 3845 ouili
1120 3774 1164 3856 (ᾇ
1180 3780 1338 3872 nultipli·
1431 3854 1434 3863 ,

356 3884 446 3970 coti,
471 3892 509 3951 ot
534 3900 653 3949 omnen
671 3874 771 3969 plebis
789 3871 890 3961 ficere
912 3874 1141 3965 occupationem
1158 3896 1198 3945 oc
1211 3891 1338 3948 conten·

356 3980 473 4050 tionem
499 3970 720 4067 deposcerent,
754 3970 926 4066 quibusque
948 3969 1045 4058 finul
1068 3988 1157 4039 vere
1177 3973 1338 4067 religionis

356 4077 411 4145 vis
421 4071 586 4166 prostrata
597 4067 672 4164 fere
694 4092 733 4140 oc
751 4070 939 4160 proculcato
962 4078 1063 4154 eret,
1086 4079 1125 4135 ut
1136 4072 1236 4158 pauci
1248 4069 1337 4159 oppi-

354 4172 395 4244 do
414 4174 450 4243 in
464 4165 573 4266 prisce
598 4167 659 4243 illo
669 4164 805 4265 petroio
819 4165 966 4261 religione
974 4158 1185 4262 perfidum.
1234 4162 1338 4235 Enin
1484 4246 1488 4251 ,

1126 4321 1130 4332 .
1259 4280 1338 4334 vm
