3267 5175
434 713 505 788 rao
631 650 1290 774 narretur-rom!

431 847 636 949 c.1.‘§.r.
665 865 855 1029 kffontnr,
888 865 1051 961 cuiquam
1079 862 1304 964 suspicionem
1324 886 1399 939 nro·

430 979 538 1051 vore,
563 972 697 1033 arcam·
713 958 846 1047 oederio
871 960 1007 1055 templo
1028 959 1178 1035 secundo
1202 959 1399 1058 praestntem

429 1052 550 1145 fuisse,
578 1080 656 1152 quar
686 1056 791 1129 latine
811 1055 861 1129 ita
881 1056 978 1129 reddi
1002 1056 1160 1151 possunt:
1174 1062 1258 1129 abar
1283 1058 1401 1153 (sacer-

361 1162 366 1168 “
428 1148 493 1239 dor
509 1154 692 1237 maximos)
708 1150 1038 1246 finistrorsumjuaaa
1059 1156 1188 1244 velum,
1213 1152 1306 1249 usque
1328 1157 1401 1227 datr

427 1247 1401 1439 nrm‘narraret“nostrannnn

428 1435 511 1508 dum
540 1461 611 1509 non
636 1440 717 1531 est,
741 1441 926 1517 domorum
955 1439 1225 1515 mischnicorutn
1251 1464 1402 1515 mentem
1439 1515 1442 1523 ,

427 1532 519 1605 hanc
536 1536 623 1627 csse,
650 1558 692 1608 ac
714 1535 740 1611 fi
763 1536 929 1635 pontifex
957 1538 998 1613 od
1024 1560 1136 1612 orcam
1160 1558 1240 1607 vere
1257 1536 1404 1613 acceffe·

427 1629 495 1720 rit,
522 1634 613 1705 intra
626 1633 718 1706 illins
742 1634 857 1719 vestes
880 1634 1086 1724 substiterit,
1111 1631 1148 1705 &
1168 1654 1321 1707 acerram
1345 1634 1405 1705 de·

322 1736 326 1744 “
427 1730 604 1821 potuerit,
630 1731 708 1802 alias
724 1727 788 1803 fibi
801 1733 978 1805 contraria
993 1731 1238 1826 loquerentur:
1263 1727 1318 1801 sed
1336 1730 1408 1802 hoc

427 1826 583 1919 nolunt,
616 1823 784 1899 acceffiffe
807 1829 849 1898 ad
878 1828 976 1901 illum
999 1826 1148 1918 locum,
1173 1825 1297 1921 inquo
1328 1846 1407 1899 arca

429 1920 515 1995 olim
533 1924 658 2012 fuerit,
686 1920 921 1999 &substitiffe
940 1923 1011 2013 ibi,
1035 1924 1097 1997 ubi
1115 1920 1227 1998 remes
1259 1943 1347 1993 arcae
1367 1944 1408 1991 o·

427 2012 489 2087 lim
518 2016 776 2109 prominebant.
826 2020 932 2093 Arcae
955 2018 1136 2106 foederis,
1170 2018 1324 2091 Romam
1348 2017 1407 2091 des

427 2132 603 2206 portatae,
627 2114 763 2191 nullom
786 2114 824 2187 in
847 2138 929 2189 arcu
959 2114 1163 2212 triumphali
1187 2114 1330 2211 adparet
1351 2136 1406 2183 ve·

429 2209 594 2304 stigium,
619 2234 683 2285 nec
707 2207 1020 2301 RELANDUS‚
1047 2216 1107 2309 qui
1126 2212 1169 2283 de
1184 2210 1299 2305 spoliis
1323 2225 1401 2283 tem·

424 2311 475 2399 pli
492 2308 625 2400 jerunda·
652 2310 788 2383 erudite
811 2310 847 2383 &
876 2330 1035 2383 accurate
1057 2326 1316 2382 commentatus
1339 2305 1403 2393 est,

402 2451 412 2481 t
429 2404 536 2480 ullam
559 2406 649 2479 illius
677 2405 762 2481 facit
786 2412 1000 2482 mentionem
1024 2458 1038 2499 ‚
1071 2410 1141 2479 cui·
1161 2404 1261 2500 jungi
1296 2402 1405 2502 potest

430 2500 767 2579 CAPRZOVIUS
792 2507 856 2576 cit.
882 2501 955 2577 diff.
980 2526 1017 2600 pe
1047 2497 1183 2599 ¹5-18·

756 2689 1076 2779 §.xvtln

352 2947 357 2962 ,
478 2884 549 2964 Sed
565 2885 815 2984 dicataliquir,
834 2885 1085 2982 ficertumest,
1109 2909 1223 2960 arcam
1243 2886 1405 2962 foederisa

320 3004 326 3019 ⁸
365 3052 369 3059 ,
432 2986 568 3082 templo
584 2984 736 3058 secondo
748 2981 891 3060 abfuisse
902 3041 913 3078 ‚
924 2985 1109 3064 difficultas
1123 2983 1168 3058 do
1183 2983 1271 3056 festo
1288 2983 1402 3090 expia3

433 3085 539 3160 tionis
563 3106 635 3154 non
659 3082 835 3154 celebrato
858 3104 1022 3160 remanet.
1071 3083 1139 3159 Uti
1186 3079 1404 3154 riusdiffitrrt

430 3203 503 3255 oon
521 3179 718 3272 poffumus,
752 3177 802 3249 ita
827 3177 1129 3276 via·tamen,¹qua
1147 3105 1334 3252 AEfflcultas
1347 3196 1404 3248 ex·

432 3275 542 3372 pediri
559 3294 680 3370 queat,
706 3271 739 3346 se
757 3272 859 3346 nobis
871 3279 1005 3375 pondit.
1038 3279 1193 3353 Primum
1221 3277 1406 3371 igiturnm

432 3372 576 3452 tandum
602 3366 680 3460 est,
713 3368 828 3466 legem
843 3375 943 3449 ¹hanc
966 3374 1033 3451 effe
1051 3377 1245 3470 posternam,
1271 3395 1348 3465 quae
1371 3367 1405 3440 in

431 3464 700 3547 circumstantiis
723 3472 877 3543 externis
903 3473 1075 3546 rationem
1107 3467 1232 3558 habet,
1260 3483 1404 3561 quaequr

431 3567 603 3665 proinde,
631 3565 698 3640 illis
724 3566 891 3657 mutatis,
926 3571 1026 3661 plane
1055 3567 1138 3646 tolli,
1162 3567 1200 3648 ,δι
1226 3561 1403 3660 abrogari,

430 3663 486 3737 rel
508 3714 520 3753 ‚
545 3661 758 3751 efferatioribus
786 3666 1025 3754 manentibus,
1054 3666 1088 3738 in
1112 3660 1320 3758 quibusdam
1341 3660 1403 3764 cit}

431 3757 647 3836 cumstontiis
673 3756 720 3830 ob
752 3759 901 3834 rationes
933 3783 1042 3836 certas
1073 3762 1304 3835 mutationem
1337 3771 1404 3852 pan

431 3855 560 3953 potuit.
591 3852 773 3929 Effentiale
789 3875 863 3928 crat
888 3880 1045 3950 nontam
1066 3857 1277 3953 competitio
1294 3856 1332 3926 P.
1352 3850 1403 3924 M.

429 3973 547 4030 coram
564 3972 664 4039 arca,
690 3973 791 4044 quam
812 3949 936 4046 l'pnrfio
965 3955 1133 4050 sanguinis
1170 3950 1280 4025 versus
1303 3951 1404 4024 illam.

427 4045 484 4130 ¹Ut
513 4067 752 4136 compareret,
784 4068 855 4120 erat
882 4055 1113 4140 antecedens,
1140 4050 1196 4121 vel
1230 4047 1405 4133 conditio,

427 4166 501 4245 quo
522 4138 728 4238 sparfionem
744 4165 908 4246 peragere
932 4145 1057 4249 poffet.
1105 4144 1245 4245 sperno
1260 4161 1404 4313 crateae·

1367 4263 1403 4314 2.
