3267 5175
842 357 852 401 l

540 647 548 674 .

435 684 949 781 Εκιιιόιωτίο
996 696 1046 775 V.
1129 672 1247 795 ¹17‘7

262 856 378 949 saram
394 875 543 949 eximius
562 873 661 962 locus
681 842 883 958 Hieroclis,
907 871 967 967 qui
992 886 1105 961 parur,
1129 848 1245 961 Petri·
1328 954 1331 963 .

261 994 323 1044 aae
349 970 480 1047 adfines
500 969 656 1043 adhibet.
702 967 833 1043 sedin
856 964 993 1039 censum
1017 964 1135 1038 venire
1158 962 1244 1035 haut

140 1083 141 1090 ’
262 1061 360 1161 poll'e
384 1064 606 1156 ostenditur,
640 1065 722 1138 cum
753 1065 788 1134 iu
814 1063 1009 1135 locutiones
1032 1058 1240 1157 scriptorum

206 1181 212 1199 “
258 1160 436 1237 sacrorum
456 1162 574 1235 N.T.
599 1157 836 1258 &speciatim
862 1158 956 1229 Petri
974 1156 1101 1233 imitari
1125 1157 1240 1235 videa·
1287 1156 1289 1171 '

260 1275 333 1331 rur.
385 1281 419 1351 5.
435 1257 663 1333 Examinatir
688 1254 836 1327 aliorum
861 1252 1067 1341 sententiis,
1091 1250 1264 1341 demon-X
1303 1248 1309 1265 ‘

263 1350 419 1447 flator,
453 1352 665 1449 Apostolum
693 1348 861 1444 respicere
886 1350 927 1418 ad
956 1348 1087 1444 lapides
1114 1346 1238 1443 templi
1311 1404 1316 1413 .

261 1447 596 1543 Hierosolymam,
621 1449 681 1541 qui
709 1448 817 1543 parati
842 1442 970 1515 fuerint
993 1460 1101 1533 ante,
1134 1467 1237 1541 quam
1303 1504 1305 1511 ,

247 1544 304 1617 ad
319 1566 478 1619 montem
496 1545 614 1619 Moria
635 1540 703 1614 {iot
727 1538 931 1635 deportati,
956 1540 1240 1633 concinnatique.
1305 1604 1311 1619 .

256 1650 296 1713 6.
317 1640 523 1733 Judaeorum
541 1638 585 1709 de
604 1636 718 1731 lapide
741 1644 843 1711 'lov
867 1634 982 1709 sabula
1004 1635 1181 1731 profertur
1194 1658 1237 1723 ac

256 1730 1240 1925 rrlrruurtuufirlrostralis&
1321 1830 1330 1842 ·

165 1935 168 1946 “
255 1948 297 2021 7.
320 1926 561 2018 Ostenditur,
593 1923 722 2021 lapides
749 1920 872 2021 templi
908 1920 1241 1997 aedrficio'dessina-

257 2042 348 2114 tos,
382 2024 519 2097 dolatos
540 2043 646 2115 atque
676 2035 812 2118 aptatos
848 2018 945 2093 luisse
975 2040 1056 2093 ante
1080 2034 1107 2113 ,⁴
1134 2042 1236 2114 quam

254 2119 537 2215 Hierosolymam
568 2117 698 2189 suerint
722 2117 923 2211 deportati,
961 2116 1028 2212 qua
1054 2115 1237 2207 occasione

255 2212 428 2289 sententia
452 2213 674 2287 Theodoreti
709 2210 936 2284 examinatur.
985 2210 1018 2283 8.
1044 2204 1237 2285 Credentes

253 2310 425 2387 dicuntur
448 2310 578 2407 lapides
607 2309 710 2397 vivi,
743 2330 815 2378 non
843 2327 1011 2401 quatenus
1041 2302 1258 2403 spoliantur.

254 2409 295 2481 in
329 2406 363 2477 se
395 2406 434 2481 δε
466 2406 523 2479 lua
542 2424 684 2487 natura,
709 2400 764 2475 sed
790 2420 959 2496 quatenus
979 2400 1055 2473 sunt
1084 2402 1120 2471 in
1149 2408 1249 2495 coo-g

247 2498 440 2604 junilione
463 2524 545 2575 cum
571 2496 739 2592 Christo,
764 2498 822 2571 cui
842 2516 1017 2600 tamquam
1033 2496 1136 2596 lapidi
1156 2498 1235 2588 sun-

219 2641 222 2647 ,
252 2599 446 2682 dameutali
461 2597 728 2672 inaedificantur.
770 2621 807 2678 9·
827 2593 915 2686 Qua
938 2595 1071 2667 ratione
1091 2597 1236 2668 creden·

250 2717 309 2868 ‘tier
329 2696 376 2766 io
392 2695 538 2775 Christo
551 2697 588 2776 ia
604 2694 776 2799 templum
797 2687 1011 2798 spiritualem
1028 2690 1235 2800 exsurgam,

277 2813 417 2872 otetur·

695 2997 725 3070 §-
773 2981 805 3057 1.

298 3177 414 3272 Qrod
433 3178 469 3248 in
495 3171 673 3272 singularis
699 3173 865 3248 beneficii
887 3175 971 3250 loco
996 3168 1234 3267 reputaredess

246 3276 389 3356 bebant
413 3274 605 3362 Israelita,
644 3272 739 3368 quod
767 3273 893 3363 Deus,
923 3273 983 3369 qui
1007 3275 1141 3368 templo
1160 3299 1234 3348 non
1265 3297 1269 3318 *

251 3374 413 3472 indiget,
437 3369 494 3442 sed
520 3371 621 3464 cujus
645 3366 882 3459 habitaculum
906 3369 956 3442 est
979 3391 1093 3444 rerum
1119 3373 1237 3444 omni-

251 3495 342 3558 um,
367 3492 433 3564 qua
447 3467 649 3563 latepatet,
674 3462 899 3558 univerfitat,
923 3465 1068 3540 domum
1083 3463 1234 3561 aliquam

250 3574 349 3642 iuter
372 3566 462 3660 ipsos
488 3564 602 3653 strui,
628 3563 664 3634 in
692 3559 881 3658 eademque
905 3560 1055 3636 mirabili
1086 3565 1234 3658 quadam

251 3663 393 3736 ratione
416 3661 629 3753 praesentiam
661 3654 767 3729 l'uam
783 3660 942 3730 testatam
977 3659 1089 3732 facere
1113 3660 1265 3740 volup-,1

250 3763 336 3842 rit3
370 3755 407 3826 id
429 3756 510 3849 ipsis
535 3755 653 3848 pollea
675 3752 867 3853 graviffime
890 3754 1107 3852 impingendi
1131 3753 1248 3829 occa*

178 3940 184 3953 κ
251 3857 392 3930 sionem
413 3852 659 3947 suppeditavit.
707 3848 749 3920 ln
771 3849 839 3922 hac
870 3850 979 3939 domo
1003 3849 1181 3926 ad'Deum
1202 3853 1239 3928 in

251 3947 331 4026 fide
359 3950 394 4019 in
420 3947 624 4041 promissum
650 3941 809 4021 Meffiam
847 3947 1013 4019 accedere
1043 3945 1238 4039 dcb'ebarrt,

250 4049 288 4122 se
314 4067 400 4116 cum
419 4042 492 4139 ipso
518 4042 650 4117 finceto
673 4042 781 4115 animi
803 4042 918 4116 studio
943 4045 1178 4148 conjungere,
1202 4070 1241 4122 c·

239 4141 466 4252 jusdemque
491 4141 639 4240 gratiam
660 4139 763 4216 unice
779 4159 972 4310 expeppre,
995 4165 1067 4240 quo
1093 4140 1140 4217 lic
1155 4141 1250 4314 altplp

857 4275 870 4311 a
1189 4261 1200 4312 ι
