3267 5175
461 687 1026 816 'Sucutuit
1227 720 1290 805 ¹7.

275 854 455 964 haustos,
481 868 539 943 vel
545 865 777 962 superstitionis
797 866 884 940 labes
903 871 939 941 in
960 865 1056 940 ditiis
1073 867 1195 943 litteris
1208 871 1271 944 ad·

277 975 422 1058 pareat,
448 964 534 1036 nihii
546 965 630 1059 quod
641 986 701 1053 nan
724 967 904 1038 oeconomia
929 961 1053 1058 Christi
1063 963 1270 1060 seruatoris,

281 1061 408 1158 ejusque
432 1059 624 1154 sapientia„
657 1060 822 1150 bonitati,
853 1063 1010 1155 dignitati
1032 1061 1174 1155 adprime
1193 1089 1269 1138 con·

280 1161 415 1242 veniit,
437 1155 505 1230 Sed
528 1180 572 1232 tx
593 1155 659 1230 htc
683 1153 955 1253 propofitiona,
979 1157 1025 1245 in,
1035 1157 1269 1234 controversis

282 1253 438 1352 epistolia
466 1239 560 1326 nulla
587 1253 790 1344 haereseos,
822 1251 879 1324 vel
903 1249 1153 1349 superstitionis
1180 1273 1268 1330 uota

283 1347 465 1440 occurrit,
481 1409 487 1426 „
503 1345 537 1420 id
554 1363 690 1424 tantum
708 1347 952 1444 consequitur,
978 1347 1179 1440 hominem,
1203 1351 1267 1448 qui

282 1443 357 1532 ilias
374 1443 423 1518 est
440 1463 681 1536 commentus,
705 1443 1065 1540 fuisseptudenteut,
1095 1444 1194 1520 illum
1221 1467 1267 1522 ue
1291 1453 1297 1482 ⁸

282 1535 418 1614 fistioni
442 1541 510 1614 suae
536 1540 693 1614 colorem
718 1539 869 1636 aliquem
891 1539 1055 1618 inducere
1083 1469 1233 1639 potuitie
1250 1547 1274 1635 ,'
1400 1549 1406 1562 ‘

215 1645 218 1656 '
282 1659 355 1708 nou
372 1657 487 1712 autem
512 1635 583 1710 hoc
611 1633 685 1732 ipso
711 1634 754 1710 ab
778 1636 885 1710 omni
898 1634 1145 1748 suppositionis
1160 1636 1267 1733 suspi-

230 1823 237 1830 ‘
282 1731 385 1808 ciunt
402 1735 574 1808 immunes
616 1731 808 1826 raestautur.
840 1731 964 1806 Potuit
981 1733 1123 1829 aliquis,
1147 1734 1268 1807 animo
1362 1829 1366 1836 ἢ

281 1849 354 1902 non
367 1829 515 1904 omnino
532 1755 624 1902 maii>
643 1829 701 1902 has
717 1827 852 1928 fingere
872 1827 1024 1922 litteras,
1044 1851 1116 1940 quo
1133 1825 1182 1902 fic
1198 1827 1267 1902 hau
1342 1865 1372 1928 χ

211 1943 217 1950 ’
280 1923 336 1996 via
351 1923 484 2000 bonum
504 1924 779 2020 consequeretur·
793 1925 925 2018 finem,
949 1946 991 2000 ut
1015 1925 1274 2002 miraculorum*

282 2041 303 2089 a
318 2017 462 2114 Christo
479 2037 693 2116 patratorum
716 2019 848 2100 famam
865 2020 908 2095 ad
949 2041 1047 2096 entes
1061 2023 1193 2096 vicinas
1210 2020 1267 2094 di·

281 2111 448 2210 manaffe,
473 2115 676 2216 easdemque
694 2117 860 2194 deitatem
882 2045 1018 2214 ipius,
1050 2141 1132 2190 cum
1148 2117 1266 2192 adhuc

281 2211 317 2286 in
337 2215 409 2287 vita
425 2216 462 2289 δι
481 2211 570 2286 statu
587 2213 712 2284 humili
727 2211 945 2304 versaretur,
981 2212 1179 2314 agnovisse,
1204 2212 1268 2286 de·

281 2309 516 2380 monstraret:
550 2301 666 2400 quales
690 2304 825 2405 iraudet
839 2332 850 2390 3
864 2311 952 2399 ‘pias
981 2309 1091 2409 vulgo
1124 2306 1266 2399 dietas,
1353 2339 1355 2343 ’

281 2403 403 2496 primis
425 2397 665 2474 christianismi
691 2401 912 2495 temporibus
934 2425 1006 2475 nou
1031 2403 1267 2500 infrequentes

281 2495 402 2591 fuiffe,
426 2495 562 2570 abunde
585 2493 732 2568 constat.
762 2497 815 2594 ΑΛ
838 2498 994 2570 veritatis
1021 2516 1139 2572 tamen
1158 2499 1266 2595 &jue

280 2590 386 2667 stitiae
408 2592 521 2667 studio
547 2592 596 2691 est
616 2590 793 2685 alienum,
827 2594 883 2669 alii
903 2593 1041 2669 cuidam
1064 2595 1199 2693 ingenii
1214 2594 1267 2671 sui

281 2685 416 2764 foetum
439 2693 658 2789 supponere,
696 2690 790 2783 quod
815 2691 956 2787 gravius
978 2690 1028 2765 est
1051 2690 1177 2790 longe,
1200 2691 1266 2765 ubi
1399 2694 1404 2702 ’

278 2779 514 2876 christianus,
546 2785 605 2883 qui
634 2784 757 2881 pietati
782 2788 949 2885 omnique
985 2789 1110 2862 virtuti
1155 2788 1266 2861 sacra·

280 2903 441 2957 mentum
465 2879 586 2974 dixit,
619 2880 785 2979 magistro·
809 2906 851 2956 ac
872 2883 1019 2973 domino
1035 2884 1095 2955 suo
1112 2881 1265 2983 figmen-

282 2990 359 3051 tum
382 2980 479 3051 suum
506 2977 694 3069 adscribit,
726 2980 878 3075 utique,
910 2978 987 3068 fise
1009 2976 1054 3051 ab
1077 2979 1198 3050 haerefi
1222 3003 1263 3051 ac

282 3076 543 3173 iuperstitione‚
568 3099 640 3147 non
657 3074 827 3147 tamenab
844 3076 1011 3171 injustitia
1028 3075 1066 3148 &
1082 3073 1279 3148 mendacio¹

283 3174 432 3245 alienum
450 3169 602 3267 ptaestat.
626 3167 735 3263 Quod
754 3171 873 3265 addit,
896 3196 969 3245 non
988 3189 1182 3270 repugnare
1195 3172 1265 3245 Oe·
1305 3177 1309 3188 “

282 3271 428 3343 conomiae
453 3264 614 3357 Christi,
649 3267 683 3357 id
706 3268 852 3362 ponitur
868 3268 1034 3365 quidem,
1059 3290 1130 3341 non
1147 3284 1265 3341 autem
1370 3282 1375 3291 '

285 3364 474 3533 putubatur:
496 3365 569 3437 imo
587 3364 800 3438 contrarium
817 3365 926 3462 liquet
942 3386 986 3439 ex
1002 3362 1145 3439 historia
1159 3384 1267 3440 eutu-
1309 3433 1314 3475 l

283 3484 329 3559 ge
344 3484 407 3535 ica.
501 3492 503 3497 ’

686 3582 735 3741 ς.ι
773 3654 792 3730 1
817 3643 891 3747 V..

336 3842 557 3920 Oeconomia
584 3844 709 3941 gratiae
730 3844 890 3941 diuinae,
924 3846 1091 3945 quamdiu
1108 3840 1274 3927 christus

283 3940 477 4017 ministerio
501 3942 560 4017 suo
584 3942 645 4015 fun
675 3942 831 4037 ebatur,
856 3943 934 4018 haec
953 3964 1055 4040 erat,
1081 3968 1122 4023 ut
1135 3947 1194 4023 illa
1211 3946 1275 4033 Iu·

272 4028 392 4135 diuis,
418 4036 571 4111 ecclefiae
592 4039 661 4111 civi
689 4060 747 4129 us,
775 4042 836 4137 qui
863 4042 1058 4117 divinarum
1077 4041 1277 4141 promiffi‘o·

285 4148 371 4211 uum
403 4133 535 4213 tabulas
562 4138 599 4211 in
622 4134 781 4213 manibus
813 4136 988 4217 habebant
1011 4144 1125 4231 Rom.
1152 4140 1223 4217 tx.
1241 4158 1280 4230 4·
1385 4152 1390 4163 ’

917 4265 919 4273 v
1046 4255 1050 4265 ·
1205 4256 1279 4307 uun
