3267 5175
480 641 1005 790 ΡιιόοΕΜιυΜ.
1225 729 1249 802 5

269 909 346 963 vtro
369 883 545 978 Cbttslott3
564 833 744 974 *epactam*
773 839 936 965 buubnunc
954 888 1115 973 ippum
1156 878 1241 956 Ebr'.

127 1059 129 1064 .
269 985 356 1060 vlt:
384 1005 454 1062 22,
476 985 538 1054 loco
556 997 694 1055 externe
717 1005 755 1054 ae
776 982 917 1054 carnalis
931 983 1102 1051 ecmomiae
1126 1001 1241 1052 oecono-

173 1129 176 1134 Α
268 1087 369 1156 teiam
388 1082 587 1174 spiritualem
612 1079 816 1178 instituturus
845 1091 941 1162 etot,
966 1091 1004 1146 nt
1018 1075 1082 1172 sua
1105 1090 1242 1167 tempore

267 1193 355 1252 totus
372 1180 442 1250 ille
462 1191 608 1250 externus
637 1179 770 1266 cultus,
804 1197 826 1246 o
856 1175 950 1267 Mose
977 1176 1127 1245 'numinis
1145 1174 1239 1277 juffcc
1323 1239 1329 1250 ,

185 1329 189 1333 -
253 1277 432 1366 ‘inanitum
456 1275 655 1346 aboleretur:
680 1270 841 1366 oportebat
857 1274 958 1366 igitur
972 1270 1073 1363 ipficm
1090 1291 1148 1364 per
1168 1273 1239 1367 effl-

266 1393 373 1444 eacem
401 1369 556 1444 veritatis
571 1369 862 1462 demonstrationem
881 1366 1067 1471 prejudicio
1087 1367 1132 1449 ὅ
1150 1391 1239 1442 erro·

266 1488 319 1539 rrs
349 1488 435 1539 nera
461 1471 605 1566 religioni
634 1472 739 1541 mnirs
772 1467 888 1538 animis
917 1466 1084 1536 tribulium
1103 1463 1239 1556 suorum

263 1566 408 1640 euellere.
439 1564 566 1659 Indos
588 1587 648 1638 non
673 1585 786 1638 nouom
809 1563 951 1656 aliquam
977 1565 1154 1657 religionem
1182 1567 1237 1660 in·¹

167 1717 170 1720 .
265 1666 386 1754 vexit,
418 1683 538 1734 novom
569 1675 676 1734 tomen
714 1660 764 1732 illi
783 1659 910 1748 sociem
941 1661 1081 1730 induxit.
1129 1661 1239 1763 Quem

264 1758 435 1832 admodum
455 1775 564 1832 autem
591 1757 697 1854 Moses
720 1779 839 1830 ommm
859 1758 962 1826 cultus
988 1757 1112 1827 externi
1134 1763 1239 1830 retio·
1320 1789 1324 1810 ι

266 1875 337 1926 mm
352 1861 448 1929 certis
467 1857 541 1928 olim
555 1856 674 1950 legibusv
696 1852 951 1946 circumscripsit,
980 1854 1161 1947 eosdemque
1179 1858 1241 1927 lit«
1266 1945 1270 1957 ¹

266 1955 344 2022 teris
367 1955 562 2047 confignolat
589 1953 774 2026 Abrohomi
799 1948 936 2044 posteris·
956 1953 1122 2022 tradidit:
1155 1951 1239 2029 bunc
1326 1977 1329 1981 ’

264 2049 365 2122 ctiam
378 2069 493 2122 morem
508 2047 695 2143 ommcstcnt
714 2047 839 2140 secuti,
862 2050 937 2143 qui,
962 2050 1054 2120 mouit
1078 2050 1239 2139 religioni·
1329 2076 1332 2085 ’

230 2205 232 2210 ,
266 2140 325 2213 bus
346 2146 548 2236 procudendic
568 2149 684 2217 intenti
709 2147 888 2238 potentium
911 2147 972 2234 sbi
988 2160 1084 2238 atquc
1100 2152 1241 2220 aunari-

265 2252 368 2314 tatem
384 2241 466 2311 baut
485 2243 652 2333 vulgarem
676 2245 870 2331 collegerunt.
918 2241 1076 2335 Equidem
1098 2243 1241 2340 dieitur,
1332 2267 1335 2270 ’
1417 2221 1420 2226 ¹

266 2347 305 2404 ut
331 2335 477 2426 Christus
511 2337 657 2428 magister
687 2335 863 2406 doilrc'num
884 2335 982 2424 sicam
1016 2339 1243 2430 perscriberet,

267 2450 330 2499 nan
342 2431 394 2499 ita
411 2428 614 2520 n'ecefforium
623 2426 734 2521 sulse.
783 2429 927 2522 Potucffe
945 2429 982 2498 id
990 2422 1086 2523 *eque
1092 2433 1161 2522 fine
1176 2438 1242 2509 ullo

266 2524 428 2618 relegionis
442 2527 627 2599 detrimento
651 2529 692 2597 ub
710 2529 800 2602 illius.
820 2525 980 2620 discipulis
985 2525 1086 2619 ficri,
1107 2531 1166 2622 qni
1184 2552 1241 2625 per

265 2620 393 2714 longum
417 2626 589 2715 tempusin
602 2624 695 2716 ipsius
710 2622 912 2719 disciplinatu
925 2623 1092 2715 bae'scrint,
1116 2629 1152 2696 in
1165 2653 1243 2722 qua.

266 2736 400 2815 rumque
404 2723 512 2809 finum
528 2742 646 2793 ornnem
652 2709 750 2815 fitam
768 2721 965 2810 debirinnm,
978 2718 1149 2815 effuderit,
1166 2728 1245 2803 adeo

265 2826 307 2885 ut
322 2818 372 2888 nil
383 2818 571 2911 quidquam,
595 2820 678 2909 qnod
699 2822 746 2891 od
755 2820 905 2890 nanctae
913 2819 985 2909 fica
998 2840 1171 2915 compagem
1180 2823 1247 2914 saa
1308 2815 1312 2821 ’

265 2930 334 2984 tere
353 2921 522 3007 potuerit,
556 2918 749 3006 reticuerit,
781 2917 970 3009 intimosque
1000 2917 1089 2987 illius
1111 2922 1245 3009 receffcca‘

266 3010 440 3102 recluserit.
490 3011 556 3084 Sed
579 3026 671 3083 erum
683 3016 799 3105 sorte,
815 3016 886 3111 »qui
906 3027 1073 3107 regerent:
1097 3011 1243 3108 discipuli

257 3102 399 3199 fhrtaffl
413 3107 480 3200 mus
499 3130 564 3179 non·
577 3107 762 3199 ensuerunt
778 3111 952 3180 attentione
960 3110 1102 3205 ,ingenii
1117 3112 1246 3207 perspi-¹

265 3206 375 3295 cacia,
398 3207 455 3284 vel
466 3202 550 3295 fidei
576 3207 788 3299 integritate,
821 3220 860 3277 ut
874 3225 897 3297 ,·
911 3228 980 3300 quae
997 3230 1019 3275 a
1042 3208 1165 3299 doitme
1178 3210 1242 3303 fica

265 3314 471 3391 acceperunt,
494 3304 729 3395 intellexerint,
753 3317 811 3374 aut
835 3305 949 3397 absque
963 3306 1030 3376 ullo
1046 3310 1242 3402 mutatione,

267 3396 479 3488 alteratione,
503 3400 665 3470 additione
680 3422 750 3471 cum
771 3400 848 3473 eliis
869 3403 1138 3483 communicarint.
1161 3406 1250 3477 Non·

267 3514 388 3565 novum
403 3492 461 3567 blo
465 3493 653 3590 scrupulum
667 3496 842 3591 fingimur,
867 3504 923 3571 vel
945 3496 1152 3588 difficultates
1170 3524 1251 3574 nec·-

265 3590 386 3681 timus,
402 3588 465 3681 sed
478 3595 553 3665 illos
567 3605 697 3665 tantum
721 3592 908 3687 repetimus,
932 3616 1011 3688 quas
1028 3596 1147 3669 dudum
1167 3608 1253 3670 non-²

264 3687 351 3756 mulli
357 3689 424 3781 fibi
434 3688 586 3781 fecerunt
601 3690 817 3786 ,codemque
839 3695 1069 3767 incredulitati*
1075 3690 1147 3781 fiee
1160 3716 1256 3787 prae·.

264 3786 449 3857 uenerunt.
496 3790 650 3861 Homines
668 3790 817 3884 aliquos,
844 3790 991 3885 prosnnae
1016 3792 1165 3888 religioni
1182 3794 1246 3864 ad·

266 3883 387 3973 dibtos,
412 3880 460 3954 bic
487 3887 586 3977 ipsts,
612 3907 672 3979 qno
699 3890 802 3959 minus
828 3886 955 3977 Christo
978 3910 1089 3959 nomen
1109 3890 1263 3983 durent,

267 3977 868 4079 revocatossussr,vscriptnmrcliqnit
882 3980 1160 4061 AUGUSTtN
1167 3986 1245 4061 US.
1259 4046 1264 4055 Δ

267 4072 492 4171 llludprius,
516 4078 919 4173 inquit,'‘discutiendum
943 4084 1013 4174 est,
1037 4082 1131 4193 quod
1158 4082 1245 4156 solet

191 4198 195 4209 ’
267 4173 456 4283 nonnullos
477 4196 647 4273 movete,
679 4200 742 4253 cuc
763 4175 835 4279 ipse
850 4180 1012 4255 dominus
1026 4179 1115 4256 achil
1136 4176 1246 4347 {cip-

301 4324 307 4331 .
828 4279 908 4375 Ag
952 4340 957 4347 ,
999 4316 1017 4330 -·
1171 4291 1247 4367 ctt,
1307 4290 1310 4297 '
